<?xml version="1.0" encoding="UTF-8"?><collection xmlns="http://www.loc.gov/MARC21/slim"><record><leader>00485nam--2200181-i-4500</leader><controlfield tag="001">000010034</controlfield><controlfield tag="002">20161230</controlfield><controlfield tag="005">20161230201028</controlfield><controlfield tag="008">060222s1000------------r-----000-0-eng-d</controlfield><datafield ind1=" " ind2=" " tag="020"><subfield code="a">0471033359</subfield></datafield><datafield ind1=" " ind2=" " tag="040"><subfield code="a">IFIN-HH</subfield></datafield><datafield ind1=" " ind2=" " tag="080"><subfield code="a">535.338.3</subfield></datafield><datafield ind1="1" ind2=" " tag="100"><subfield code="a">Armstrong, Lloyd</subfield></datafield><datafield ind1="1" ind2="0" tag="245"><subfield code="a">Theory of the hyperfine structure of free atoms</subfield><subfield code="c">Lloyd armstrong</subfield></datafield><datafield ind1=" " ind2=" " tag="260"><subfield code="a">TORONTO</subfield><subfield code="b">Wiley-interscience</subfield><subfield code="c">1971</subfield></datafield><datafield ind1=" " ind2=" " tag="300"><subfield code="a">IX + 209 P</subfield></datafield><datafield ind1=" " ind2=" " tag="852"><subfield code="a">36267</subfield><subfield code="c">535.33</subfield></datafield><datafield ind1=" " ind2=" " tag="CAT"><subfield code="a">Sys</subfield><subfield code="c">20101206</subfield><subfield code="h">112708</subfield></datafield></record></collection>